@article{Khajeh-Hosseini2011,
author = {Khajeh-Hosseini, Ali and Sommerville, Ian and Bogaerts, Jurgen and Teregowda, Pradeep},
doi = {10.1109/CLOUD.2011.59},
file = {:home/lee/DICE/thesiswriting/notes/Decision Support for Migration.pdf:pdf},
isbn = {978-1-4577-0836-7},
journal = {2011 IEEE 4th International Conference on Cloud Computing},
month = jul,
pages = {541--548},
publisher = {Ieee},
title = {{Decision Support Tools for Cloud Migration in the Enterprise}},
url = {http://ieeexplore.ieee.org/lpdocs/epic03/wrapper.htm?arnumber=6008753},
year = {2011}
}
@article{Kiciman2010,
author = {Kiciman, E and Livshits, Benjamin},
file = {:home/lee/DICE/thesiswriting/notes/fluxo.pdf:pdf},
isbn = {9781450300360},
journal = {Proceedings of the 1st \ldots},
keywords = {compiler optimizations,languages for datacenter programming},
title = {{Fluxo: a system for internet service programming by non-expert developers}},
url = {http://dl.acm.org/citation.cfm?id=1807147},
year = {2010}
}
@article{Kiczales1997,
author = {Kiczales, G and Lamping, J and Mendhekar, A},
file = {:home/lee/DICE/thesiswriting/notes/aop.pdf:pdf},
journal = {\ldots -Oriented Programming},
number = {July},
title = {{Aspect-oriented programming}},
url = {http://www.springerlink.com/index/X535M642082K783R.pdf},
year = {1997}
}
@article{Popa2009,
author = {Popa, Lucian and Chun, BG and Stoica, I},
file = {:home/lee/DICE/thesiswriting/notes/macroscope.pdf:pdf},
isbn = {9781605586366},
journal = {Proceedings of the 5th \ldots},
keywords = {application dependencies,end-point tracing},
title = {{Macroscope: end-point approach to networked application dependency discovery}},
url = {http://dl.acm.org/citation.cfm?id=1658966},
year = {2009}
}
@article{Rasmussen2009,
author = {Rasmussen, Alexander and Kiciman, E and Livshits, Benjamin and Musuvathi, M},
file = {:home/lee/DICE/thesiswriting/notes/fluxo (1).pdf:pdf},
isbn = {9781605584829},
keywords = {a cache must be,benefit,caching,cloud computing,dataflow,incoming workload distribu-,internet services,model,optimization,placed,simulation,to receive the optimal,with careful consideration of},
title = {{Short Paper: Improving the Responsiveness of Internet Services with Automatic Cache Placement}},
url = {http://cseweb.ucsd.edu/~arasmuss/papers/fluxo.pdf},
year = {2009}
}

@article{Challenger1999,
author = {Challenger, Jim},
file = {:home/lee/Downloads/10.1.1.33.4534.pdf:pdf},
journal = {INFOCOM'99. Eighteenth \ldots},
title = {{A scalable system for consistently caching dynamic web data}},
url = {http://ieeexplore.ieee.org/xpls/abs\_all.jsp?arnumber=749295},
year = {1999}
}
@article{Challenger2005,
author = {Challenger, Jim and Dantzig, Paul and Iyengar, Arun and Witting, Karen},
doi = {10.1145/1064340.1064343},
file = {:home/lee/DICE/thesiswriting/notes/fragmentsA.pdf:pdf},
issn = {15335399},
journal = {ACM Transactions on Internet Technology},
month = may,
number = {2},
pages = {359--389},
title = {{A fragment-based approach for efficiently creating dynamic web content}},
url = {http://portal.acm.org/citation.cfm?doid=1064340.1064343},
volume = {5},
year = {2005}
}
@article{Challenger2001,
author = {Challenger, Jim and Iyengar, Arun and Dantzig, Paul and Dias, Daniel and Mills, Nathaniel},
file = {:home/lee/DICE/thesiswriting/notes/webe.pdf:pdf},
journal = {Web Engineering},
pages = {247--265},
title = {{Engineering highly accessed Web sites for performance}},
url = {http://www.springerlink.com/index/5UKMR8DT8BYX6FQG.pdf},
year = {2001}
}
@article{Challenger2004,
author = {Challenger, JR and Dantzig, Paul},
file = {:home/lee/DICE/thesiswriting/notes/p233-challenger.pdf:pdf},
journal = {Networking, IEEE/ \ldots},
number = {2},
pages = {233--246},
title = {{Efficiently serving dynamic data at highly accessed web sites}},
url = {http://ieeexplore.ieee.org/xpls/abs\_all.jsp?arnumber=1288129},
volume = {12},
year = {2004}
}
@article{Degenaro2000,
author = {Degenaro, Louis and Iyengar, Arun and Lipkind, Ilya and Rouvellou, Isabelle},
file = {:home/lee/DICE/thesiswriting/notes/abr\_mw2000.pdf:pdf},
journal = {Middleware 2000},
pages = {24--44},
title = {{A middleware system which intelligently caches query results}},
url = {http://www.springerlink.com/index/f3ffc5xw64v30neq.pdf},
year = {2000}
}

@article{Chun2011,
author = {Chun, BG and Ihm, S and Maniatis, P},
file = {:home/lee/DICE/thesiswriting/notes/clonecloud.pdf:pdf},
isbn = {9781450306348},
journal = {Proceedings of the sixth \ldots},
keywords = {ing,migration,mobile cloud computing,offload-,partitioning,smartphones},
title = {{Clonecloud: Elastic execution between mobile device and cloud}},
url = {http://dl.acm.org/citation.cfm?id=1966473},
year = {2011}
}
@article{Chun2010,
address = {New York, New York, USA},
author = {Chun, Byung-Gon and Maniatis, Petros},
doi = {10.1145/1810931.1810938},
file = {:home/lee/DICE/thesiswriting/notes/dynpartitioning.pdf:pdf},
isbn = {9781450301558},
journal = {Proceedings of the 1st ACM Workshop on Mobile Cloud Computing \& Services Social Networks and Beyond - MCS '10},
pages = {1--5},
publisher = {ACM Press},
title = {{Dynamically partitioning applications between weak devices and clouds}},
url = {http://portal.acm.org/citation.cfm?doid=1810931.1810938},
year = {2010}
}
@article{Hajjat2010,
author = {Hajjat, Mohammad and Sun, Xin and Sung, YWE and Maltz, David},
file = {:home/lee/DICE/thesiswriting/notes/hajjat\_cloudnetworking.pdf:pdf},
isbn = {9781450302012},
journal = {ACM SIGCOMM \ldots},
keywords = {cloud computing,enterprise applications,network configurations,performance modeling,security policies},
pages = {243--254},
title = {{Cloudward bound: planning for beneficial migration of enterprise applications to the cloud}},
url = {http://dl.acm.org/citation.cfm?id=1851212},
year = {2010}
}
@article{Kaviani2011,
author = {Kaviani, Nima},
file = {:home/lee/DICE/thesiswriting/notes/proposal-nimakaviani.pdf:pdf},
pages = {1--51},
title = {{Partitioning , Provisioning , and Distribution of Software Systems in a Hybrid Cloud Environment}},
year = {2011}
}
@article{Nahrstedt2003,
author = {Nahrstedt, K. and Messer, A. and Greenberg, I. and Milojicic, D.},
doi = {10.1109/PERCOM.2003.1192732},
file = {:home/lee/DICE/thesiswriting/notes/adaptiveoffloading.pdf:pdf},
isbn = {0-7695-1893-1},
journal = {Proceedings of the First IEEE International Conference on Pervasive Computing and Communications, 2003. (PerCom 2003).},
pages = {107--114},
publisher = {IEEE Comput. Soc},
title = {{Adaptive offloading inference for delivering applications in pervasive computing environments}},
url = {http://ieeexplore.ieee.org/lpdocs/epic03/wrapper.htm?arnumber=1192732},
year = {2003}
}
@article{Ou2007,
author = {Ou, Shumao and Yang, Kun and Zhang, Jie},
doi = {10.1016/j.pmcj.2007.04.004},
file = {:home/lee/DICE/thesiswriting/notes/Elsevier-PMC-Ou.pdf:pdf},
issn = {15741192},
journal = {Pervasive and Mobile Computing},
keywords = {middleware,mobile devices,offloading,partitioning,pervasive services,resource constraint},
month = aug,
number = {4},
pages = {362--385},
title = {{An effective offloading middleware for pervasive services on mobile devices}},
url = {http://linkinghub.elsevier.com/retrieve/pii/S1574119207000338},
volume = {3},
year = {2007}
}

@article{Arkles2011,
author = {Arkles, AJ and Makaroff, DJ},
file = {:home/lee/DICE/thesiswriting/notes/arkles\_mtwave.pdf:pdf},
isbn = {9781450305198},
journal = {Proceeding of the second joint WOSP/SIPEW \ldots},
keywords = {performance tracing,visualization,web applications},
pages = {247--258},
title = {{Mt-wave: profiling multi-tier web applications}},
url = {http://dl.acm.org/citation.cfm?id=1958783},
year = {2011}
}
@article{Caracas2008,
author = {Caracas, Alexandru and Kind, Andreas and Gantenbein, Dieter and Fussenegger, Stefan and Dechouniotis, Dimitrios},
doi = {10.1109/BDIM.2008.4540082},
file = {:home/lee/DICE/thesiswriting/notes/caracas\_netflow.pdf:pdf},
isbn = {978-1-4244-2191-6},
journal = {2008 3rd IEEE/IFIP International Workshop on Business-driven IT Management},
month = apr,
pages = {110--111},
publisher = {Ieee},
title = {{Mining semantic relations using NetFlow}},
url = {http://ieeexplore.ieee.org/lpdocs/epic03/wrapper.htm?arnumber=4540082},
year = {2008}
}
@article{Chen2004,
author = {Chen, MY and Accardi, Anthony},
file = {:home/lee/DICE/thesiswriting/notes/pathbasedfailure.pdf:pdf},
journal = {Proceedings of the \ldots},
title = {{Path-based failure and evolution management}},
url = {http://radlab.cs.berkeley.edu/people/fox/static/pubs/pdf/c23.pdf},
year = {2004}
}
@article{Hoffman2009,
author = {Hoffman, Kevin J. and Eugster, Patrick and Jagannathan, Suresh},
doi = {10.1145/1543135.1542527},
file = {:home/lee/DICE/thesiswriting/notes/pldi09.pdf:pdf},
isbn = {9781605583921},
issn = {03621340},
journal = {ACM SIGPLAN Notices},
month = may,
number = {6},
pages = {453},
title = {{Semantics-aware trace analysis}},
url = {http://portal.acm.org/citation.cfm?doid=1543135.1542527},
volume = {44},
year = {2009}
}
@article{Mirgorodskiy2008,
author = {Mirgorodskiy, A and Miller, B},
file = {:home/lee/DICE/thesiswriting/notes/mirg\_selfpropelled.pdf:pdf},
journal = {Middleware 2008},
keywords = {anomaly detection,distributed debugging,dynamic in-,performance analysis,strumentation,trace analysis},
pages = {82--103},
title = {{Diagnosing distributed systems with self-propelled instrumentation}},
url = {http://www.springerlink.com/index/L18L6365278271Q2.pdf},
year = {2008}
}
@article{Thereska2006,
author = {Thereska, Eno and Salmon, Brandon and Strunk, John},
file = {:home/lee/DICE/thesiswriting/notes/distributedstorageactivitytracking:},
isbn = {1595933204},
journal = {ACM SIGMETRICS \ldots},
keywords = {end-to-end tracing,request causal chain,ursa minor},
title = {{Stardust: tracking activity in a distributed storage system}},
url = {http://dl.acm.org/citation.cfm?id=1140280},
year = {2006}
}

@article{Suh2004,
author = {Suh, G. Edward and Lee, Jae W. and Zhang, David and Devadas, Srinivas},
doi = {10.1145/1037947.1024404},
file = {:home/lee/DICE/thesiswriting/notes/memo-467.pdf:pdf},
issn = {01635964},
journal = {ACM SIGARCH Computer Architecture News},
month = dec,
number = {5},
pages = {85},
title = {{Secure program execution via dynamic information flow tracking}},
url = {http://portal.acm.org/citation.cfm?doid=1037947.1024404},
volume = {32},
year = {2004}
}
@article{Newsome2005,
author = {Newsome, James and Song, Dawn},
file = {:home/lee/DICE/thesiswriting/notes/newsome2005.pdf:pdf},
title = {{Dynamic taint analysis for automatic detection, analysis, and signature generation of exploits on commodity software}},
url = {http://repository.cmu.edu/ece/3/},
year = {2005}
}
@article{Ramaswamy2005,
author = {Ramaswamy, Lakshmish and Liu, L and Douglis, F},
file = {:home/lee/DICE/thesiswriting/notes/TKDEFragmentDetection.pdf:pdf},
journal = {Knowledge and Data \ldots},
number = {6},
pages = {859--874},
title = {{Automatic fragment detection in dynamic web pages and its impact on caching}},
url = {http://ieeexplore.ieee.org/xpls/abs\_all.jsp?arnumber=1423985},
volume = {17},
year = {2005}
}
@article{Haldar2005,
author = {Haldar, V. and Chandra, D. and Franz, M.},
doi = {10.1109/CSAC.2005.21},
file = {:home/lee/DICE/thesiswriting/notes/javataintpropagation.pdf:pdf},
isbn = {0-7695-2461-3},
journal = {21st Annual Computer Security Applications Conference (ACSAC'05)},
pages = {303--311},
publisher = {Ieee},
title = {{Dynamic Taint Propagation for Java}},
url = {http://ieeexplore.ieee.org/lpdocs/epic03/wrapper.htm?arnumber=1565257},
year = {2005}
}
@article{Dalton2007,
author = {Dalton, Michael and Kannan, Hari and Kozyrakis, Christos},
file = {:home/lee/DICE/thesiswriting/notes/dalton07raksha\_isca.pdf:pdf},
isbn = {9781595937063},
journal = {\ldots SIGARCH Computer Architecture \ldots},
keywords = {an ever-increasing set of,attacks,dynamic,existing security tools do,information flow tracking,not,processor architecture,provide reliable protection against,semantic vulnerabilities,software security,spite significant development efforts},
title = {{Raksha: a flexible information flow architecture for software security}},
url = {http://dl.acm.org/citation.cfm?id=1250722},
year = {2007}
}
@article{Gupta2008,
author = {Gupta, Rajiv and Gupta, Neelam and Zhang, Xiangyu and Jeffrey, Dennis and Nagarajan, Vijay and Tallam, Sriraman and Tian, Chen},
doi = {10.1109/IPDPS.2008.4536382},
file = {:home/lee/DICE/thesiswriting/notes/ngs08.pdf:pdf},
isbn = {978-1-4244-1693-6},
issn = {1530-2075},
journal = {2008 IEEE International Symposium on Parallel and Distributed Processing},
month = apr,
pages = {1--5},
publisher = {Ieee},
title = {{Scalable dynamic information flow tracking and its applications}},
url = {http://ieeexplore.ieee.org/lpdocs/epic03/wrapper.htm?arnumber=4536382},
year = {2008}
}
@article{Mysore2008,
address = {New York, New York, USA},
author = {Mysore, Shashidhar and Mazloom, Bita and Agrawal, Banit and Sherwood, Timothy},
doi = {10.1145/1346281.1346308},
file = {:home/lee/DICE/thesiswriting/notes/ASPLOS-08-systemtomography.pdf:pdf},
isbn = {9781595939586},
journal = {Proceedings of the 13th international conference on Architectural support for programming languages and operating systems - ASPLOS XIII},
keywords = {c-0,computer systems or-},
pages = {211},
publisher = {ACM Press},
title = {{Understanding and visualizing full systems with data flow tomography}},
url = {http://portal.acm.org/citation.cfm?doid=1346281.1346308},
year = {2008}
}
@article{Chin2009,
address = {New York, New York, USA},
author = {Chin, Erika and Wagner, David},
doi = {10.1145/1655121.1655125},
file = {:home/lee/DICE/thesiswriting/notes/sws04-chin.pdf:pdf},
isbn = {9781605587899},
journal = {Proceedings of the 2009 ACM workshop on Secure web services - SWS '09},
keywords = {dynamic taint tracking,information,java,web applications},
pages = {3},
publisher = {ACM Press},
title = {{Efficient character-level taint tracking for Java}},
url = {http://portal.acm.org/citation.cfm?doid=1655121.1655125},
year = {2009}
}
@article{Al-Saleh2010,
author = {Al-Saleh, MI and Crandall, JR},
file = {:home/lee/DICE/thesiswriting/notes/paper-2010-05.pdf:pdf},
journal = {cs.unm.edu},
title = {{Tracking Address and Control Dependencies for Full-System Information Flow Measurement}},
url = {https://www.cs.unm.edu/~treport/tr/10-02/paper-2010-05.pdf},
year = {2010}
}
@article{Dalton2010,
author = {Dalton, Michael and Kannan, Hari and Kozyrakis, Christos},
doi = {10.1145/1773912.1773933},
file = {:home/lee/DICE/thesiswriting/notes/2010.taintingpoint.osr.pdf:pdf},
issn = {01635980},
journal = {ACM SIGOPS Operating Systems Review},
keywords = {buffer overflow,detection,dynamic informa-,malware,memory corruption,pointer tainting,software security,tion flow tracking,virus detection},
month = apr,
number = {2},
pages = {88},
title = {{Tainting is not pointless}},
url = {http://portal.acm.org/citation.cfm?doid=1773912.1773933},
volume = {44},
year = {2010}
}
@article{Al-Saleh2010a,
author = {Al-Saleh, MI and Crandall, JR},
file = {:home/lee/DICE/thesiswriting/notes/nspw2010.pdf:pdf},
isbn = {9781450304153},
journal = {Proceedings of the 2010 workshop on New \ldots},
keywords = {dynamic information flow tracking,quantitative information flow},
title = {{On information flow for intrusion detection: What if accurate full-system dynamic information flow tracking was possible?}},
url = {http://dl.acm.org/citation.cfm?id=1900551},
year = {2010}
}
@article{Sridharan2011,
author = {Sridharan, Manu and Artzi, Shay and Pistoia, Marco},
file = {:home/lee/DICE/thesiswriting/notes/oopsla11-f4f-preprint.pdf:pdf},
journal = {\ldots and applications},
title = {{F4F: taint analysis of framework-based web applications}},
url = {http://dl.acm.org/citation.cfm?id=2048145},
year = {2011}
}
@article{Zavou2011,
author = {Zavou, Angeliki and Portokalidis, Georgios and Keromytis, A},
file = {:home/lee/DICE/thesiswriting/notes/taint\_xchg.pdf:pdf},
journal = {Advances in Information and \ldots},
title = {{Taint-exchange: a generic system for cross-process and cross-host taint tracking}},
url = {http://www.springerlink.com/index/C2H4042660415T0J.pdf},
year = {2011}
}
@article{Dynamic2012,
author = {Dynamic, Whole-system Offline and Lefebvre, Geoffrey and Sc, B A and Universit, L},
file = {:home/lee/DICE/thesiswriting/notes/ubc\_2012\_spring\_lefebvre\_geoffrey.pdf:pdf},
number = {January},
title = {{Composable and Reusable Analysis}},
year = {2012}
}
@article{Kangkook2012,
author = {Kangkook, VPKGP and Keromytis, JAD},
file = {:home/lee/DICE/thesiswriting/notes/cucs-044-11.pdf:pdf},
keywords = {copyright notice will appear,data flow tracking,dynamic binary instrumentation,exploit prevention,here once,information leak detection,option is removed,preprint,taint analysis},
pages = {1--12},
title = {{libdft: Practical Dynamic Data Flow Tracking for Commodity Systems}},
url = {http://www.cs.columbia.edu/nsl/papers/2012/libdft.vee12.pdf},
year = {2012}
}
@article{Lefebvre2012,
address = {New York, New York, USA},
author = {Lefebvre, Geoffrey and Cully, Brendan and Head, Christopher and Spear, Mark and Hutchinson, Norm and Feeley, Mike and Warfield, Andrew},
doi = {10.1145/2151024.2151044},
file = {:home/lee/DICE/thesiswriting/notes/tralfamadore-vee-final.pdf:pdf},
isbn = {9781450311762},
journal = {Proceedings of the 8th ACM SIGPLAN/SIGOPS conference on Virtual Execution Environments - VEE '12},
keywords = {binary analysis,offline analysis,virtual machine},
pages = {145},
publisher = {ACM Press},
title = {{Execution mining}},
url = {http://dl.acm.org/citation.cfm?doid=2151024.2151044},
year = {2012}
}
@article{Hudgins2012,
author = {Hudgins, Thomas H and Alleva, Joseph T},
doi = {10.1016/j.disamonth.2012.07.001},
file = {:home/lee/DICE/thesiswriting/notes/taintbochs.pdf:pdf},
issn = {1557-8194},
journal = {Disease-a-month : DM},
month = sep,
number = {9},
pages = {476},
pmid = {22898375},
title = {{TaintBochs}},
url = {http://www.ncbi.nlm.nih.gov/pubmed/22899939},
volume = {58},
year = {2012}
}
