@article{Khajeh-Hosseini2011,
author = {Khajeh-Hosseini, Ali and Sommerville, Ian and Bogaerts, Jurgen and Teregowda, Pradeep},
doi = {10.1109/CLOUD.2011.59},
file = {:home/lee/DICE/thesiswriting/notes/Decision Support for Migration.pdf:pdf},
isbn = {978-1-4577-0836-7},
journal = {2011 IEEE 4th International Conference on Cloud Computing},
month = jul,
pages = {541--548},
publisher = {Ieee},
title = {{Decision Support Tools for Cloud Migration in the Enterprise}},
url = {http://ieeexplore.ieee.org/lpdocs/epic03/wrapper.htm?arnumber=6008753},
year = {2011}
}
@article{Kiciman2010,
author = {Kiciman, E and Livshits, Benjamin},
file = {:home/lee/DICE/thesiswriting/notes/fluxo.pdf:pdf},
isbn = {9781450300360},
journal = {Proceedings of the 1st \ldots},
keywords = {compiler optimizations,languages for datacenter programming},
title = {{Fluxo: a system for internet service programming by non-expert developers}},
url = {http://dl.acm.org/citation.cfm?id=1807147},
year = {2010}
}
@article{Kiczales1997,
author = {Kiczales, G and Lamping, J and Mendhekar, A},
file = {:home/lee/DICE/thesiswriting/notes/aop.pdf:pdf},
journal = {\ldots -Oriented Programming},
number = {July},
title = {{Aspect-oriented programming}},
url = {http://www.springerlink.com/index/X535M642082K783R.pdf},
year = {1997}
}
@article{Popa2009,
author = {Popa, Lucian and Chun, BG and Stoica, I},
file = {:home/lee/DICE/thesiswriting/notes/macroscope.pdf:pdf},
isbn = {9781605586366},
journal = {Proceedings of the 5th \ldots},
keywords = {application dependencies,end-point tracing},
title = {{Macroscope: end-point approach to networked application dependency discovery}},
url = {http://dl.acm.org/citation.cfm?id=1658966},
year = {2009}
}
@article{Rasmussen2009,
author = {Rasmussen, Alexander and Kiciman, E and Livshits, Benjamin and Musuvathi, M},
file = {:home/lee/DICE/thesiswriting/notes/fluxo (1).pdf:pdf},
isbn = {9781605584829},
keywords = {a cache must be,benefit,caching,cloud computing,dataflow,incoming workload distribu-,internet services,model,optimization,placed,simulation,to receive the optimal,with careful consideration of},
title = {{Short Paper: Improving the Responsiveness of Internet Services with Automatic Cache Placement}},
url = {http://cseweb.ucsd.edu/~arasmuss/papers/fluxo.pdf},
year = {2009}
}
