@article{Suh2004,
author = {Suh, G. Edward and Lee, Jae W. and Zhang, David and Devadas, Srinivas},
doi = {10.1145/1037947.1024404},
file = {:home/lee/DICE/thesiswriting/notes/memo-467.pdf:pdf},
issn = {01635964},
journal = {ACM SIGARCH Computer Architecture News},
month = dec,
number = {5},
pages = {85},
title = {{Secure program execution via dynamic information flow tracking}},
url = {http://portal.acm.org/citation.cfm?doid=1037947.1024404},
volume = {32},
year = {2004}
}
@article{Newsome2005,
author = {Newsome, James and Song, Dawn},
file = {:home/lee/DICE/thesiswriting/notes/newsome2005.pdf:pdf},
title = {{Dynamic taint analysis for automatic detection, analysis, and signature generation of exploits on commodity software}},
url = {http://repository.cmu.edu/ece/3/},
year = {2005}
}
@article{Ramaswamy2005,
author = {Ramaswamy, Lakshmish and Liu, L and Douglis, F},
file = {:home/lee/DICE/thesiswriting/notes/TKDEFragmentDetection.pdf:pdf},
journal = {Knowledge and Data \ldots},
number = {6},
pages = {859--874},
title = {{Automatic fragment detection in dynamic web pages and its impact on caching}},
url = {http://ieeexplore.ieee.org/xpls/abs\_all.jsp?arnumber=1423985},
volume = {17},
year = {2005}
}
@article{Haldar2005,
author = {Haldar, V. and Chandra, D. and Franz, M.},
doi = {10.1109/CSAC.2005.21},
file = {:home/lee/DICE/thesiswriting/notes/javataintpropagation.pdf:pdf},
isbn = {0-7695-2461-3},
journal = {21st Annual Computer Security Applications Conference (ACSAC'05)},
pages = {303--311},
publisher = {Ieee},
title = {{Dynamic Taint Propagation for Java}},
url = {http://ieeexplore.ieee.org/lpdocs/epic03/wrapper.htm?arnumber=1565257},
year = {2005}
}
@article{Dalton2007,
author = {Dalton, Michael and Kannan, Hari and Kozyrakis, Christos},
file = {:home/lee/DICE/thesiswriting/notes/dalton07raksha\_isca.pdf:pdf},
isbn = {9781595937063},
journal = {\ldots SIGARCH Computer Architecture \ldots},
keywords = {an ever-increasing set of,attacks,dynamic,existing security tools do,information flow tracking,not,processor architecture,provide reliable protection against,semantic vulnerabilities,software security,spite significant development efforts},
title = {{Raksha: a flexible information flow architecture for software security}},
url = {http://dl.acm.org/citation.cfm?id=1250722},
year = {2007}
}
@article{Gupta2008,
author = {Gupta, Rajiv and Gupta, Neelam and Zhang, Xiangyu and Jeffrey, Dennis and Nagarajan, Vijay and Tallam, Sriraman and Tian, Chen},
doi = {10.1109/IPDPS.2008.4536382},
file = {:home/lee/DICE/thesiswriting/notes/ngs08.pdf:pdf},
isbn = {978-1-4244-1693-6},
issn = {1530-2075},
journal = {2008 IEEE International Symposium on Parallel and Distributed Processing},
month = apr,
pages = {1--5},
publisher = {Ieee},
title = {{Scalable dynamic information flow tracking and its applications}},
url = {http://ieeexplore.ieee.org/lpdocs/epic03/wrapper.htm?arnumber=4536382},
year = {2008}
}
@article{Mysore2008,
address = {New York, New York, USA},
author = {Mysore, Shashidhar and Mazloom, Bita and Agrawal, Banit and Sherwood, Timothy},
doi = {10.1145/1346281.1346308},
file = {:home/lee/DICE/thesiswriting/notes/ASPLOS-08-systemtomography.pdf:pdf},
isbn = {9781595939586},
journal = {Proceedings of the 13th international conference on Architectural support for programming languages and operating systems - ASPLOS XIII},
keywords = {c-0,computer systems or-},
pages = {211},
publisher = {ACM Press},
title = {{Understanding and visualizing full systems with data flow tomography}},
url = {http://portal.acm.org/citation.cfm?doid=1346281.1346308},
year = {2008}
}
@article{Chin2009,
address = {New York, New York, USA},
author = {Chin, Erika and Wagner, David},
doi = {10.1145/1655121.1655125},
file = {:home/lee/DICE/thesiswriting/notes/sws04-chin.pdf:pdf},
isbn = {9781605587899},
journal = {Proceedings of the 2009 ACM workshop on Secure web services - SWS '09},
keywords = {dynamic taint tracking,information,java,web applications},
pages = {3},
publisher = {ACM Press},
title = {{Efficient character-level taint tracking for Java}},
url = {http://portal.acm.org/citation.cfm?doid=1655121.1655125},
year = {2009}
}
@article{Al-Saleh2010,
author = {Al-Saleh, MI and Crandall, JR},
file = {:home/lee/DICE/thesiswriting/notes/paper-2010-05.pdf:pdf},
journal = {cs.unm.edu},
title = {{Tracking Address and Control Dependencies for Full-System Information Flow Measurement}},
url = {https://www.cs.unm.edu/~treport/tr/10-02/paper-2010-05.pdf},
year = {2010}
}
@article{Dalton2010,
author = {Dalton, Michael and Kannan, Hari and Kozyrakis, Christos},
doi = {10.1145/1773912.1773933},
file = {:home/lee/DICE/thesiswriting/notes/2010.taintingpoint.osr.pdf:pdf},
issn = {01635980},
journal = {ACM SIGOPS Operating Systems Review},
keywords = {buffer overflow,detection,dynamic informa-,malware,memory corruption,pointer tainting,software security,tion flow tracking,virus detection},
month = apr,
number = {2},
pages = {88},
title = {{Tainting is not pointless}},
url = {http://portal.acm.org/citation.cfm?doid=1773912.1773933},
volume = {44},
year = {2010}
}
@article{Al-Saleh2010a,
author = {Al-Saleh, MI and Crandall, JR},
file = {:home/lee/DICE/thesiswriting/notes/nspw2010.pdf:pdf},
isbn = {9781450304153},
journal = {Proceedings of the 2010 workshop on New \ldots},
keywords = {dynamic information flow tracking,quantitative information flow},
title = {{On information flow for intrusion detection: What if accurate full-system dynamic information flow tracking was possible?}},
url = {http://dl.acm.org/citation.cfm?id=1900551},
year = {2010}
}
@article{Sridharan2011,
author = {Sridharan, Manu and Artzi, Shay and Pistoia, Marco},
file = {:home/lee/DICE/thesiswriting/notes/oopsla11-f4f-preprint.pdf:pdf},
journal = {\ldots and applications},
title = {{F4F: taint analysis of framework-based web applications}},
url = {http://dl.acm.org/citation.cfm?id=2048145},
year = {2011}
}
@article{Zavou2011,
author = {Zavou, Angeliki and Portokalidis, Georgios and Keromytis, A},
file = {:home/lee/DICE/thesiswriting/notes/taint\_xchg.pdf:pdf},
journal = {Advances in Information and \ldots},
title = {{Taint-exchange: a generic system for cross-process and cross-host taint tracking}},
url = {http://www.springerlink.com/index/C2H4042660415T0J.pdf},
year = {2011}
}
@article{Dynamic2012,
author = {Dynamic, Whole-system Offline and Lefebvre, Geoffrey and Sc, B A and Universit, L},
file = {:home/lee/DICE/thesiswriting/notes/ubc\_2012\_spring\_lefebvre\_geoffrey.pdf:pdf},
number = {January},
title = {{Composable and Reusable Analysis}},
year = {2012}
}
@article{Kangkook2012,
author = {Kangkook, VPKGP and Keromytis, JAD},
file = {:home/lee/DICE/thesiswriting/notes/cucs-044-11.pdf:pdf},
keywords = {copyright notice will appear,data flow tracking,dynamic binary instrumentation,exploit prevention,here once,information leak detection,option is removed,preprint,taint analysis},
pages = {1--12},
title = {{libdft: Practical Dynamic Data Flow Tracking for Commodity Systems}},
url = {http://www.cs.columbia.edu/nsl/papers/2012/libdft.vee12.pdf},
year = {2012}
}
@article{Lefebvre2012,
address = {New York, New York, USA},
author = {Lefebvre, Geoffrey and Cully, Brendan and Head, Christopher and Spear, Mark and Hutchinson, Norm and Feeley, Mike and Warfield, Andrew},
doi = {10.1145/2151024.2151044},
file = {:home/lee/DICE/thesiswriting/notes/tralfamadore-vee-final.pdf:pdf},
isbn = {9781450311762},
journal = {Proceedings of the 8th ACM SIGPLAN/SIGOPS conference on Virtual Execution Environments - VEE '12},
keywords = {binary analysis,offline analysis,virtual machine},
pages = {145},
publisher = {ACM Press},
title = {{Execution mining}},
url = {http://dl.acm.org/citation.cfm?doid=2151024.2151044},
year = {2012}
}
@article{Hudgins2012,
author = {Hudgins, Thomas H and Alleva, Joseph T},
doi = {10.1016/j.disamonth.2012.07.001},
file = {:home/lee/DICE/thesiswriting/notes/taintbochs.pdf:pdf},
issn = {1557-8194},
journal = {Disease-a-month : DM},
month = sep,
number = {9},
pages = {476},
pmid = {22898375},
title = {{TaintBochs}},
url = {http://www.ncbi.nlm.nih.gov/pubmed/22899939},
volume = {58},
year = {2012}
}
