@article{Challenger1999,
author = {Challenger, Jim},
file = {:home/lee/Downloads/10.1.1.33.4534.pdf:pdf},
journal = {INFOCOM'99. Eighteenth \ldots},
title = {{A scalable system for consistently caching dynamic web data}},
url = {http://ieeexplore.ieee.org/xpls/abs\_all.jsp?arnumber=749295},
year = {1999}
}
@article{Challenger2005,
author = {Challenger, Jim and Dantzig, Paul and Iyengar, Arun and Witting, Karen},
doi = {10.1145/1064340.1064343},
file = {:home/lee/DICE/thesiswriting/notes/fragmentsA.pdf:pdf},
issn = {15335399},
journal = {ACM Transactions on Internet Technology},
month = may,
number = {2},
pages = {359--389},
title = {{A fragment-based approach for efficiently creating dynamic web content}},
url = {http://portal.acm.org/citation.cfm?doid=1064340.1064343},
volume = {5},
year = {2005}
}
@article{Challenger2001,
author = {Challenger, Jim and Iyengar, Arun and Dantzig, Paul and Dias, Daniel and Mills, Nathaniel},
file = {:home/lee/DICE/thesiswriting/notes/webe.pdf:pdf},
journal = {Web Engineering},
pages = {247--265},
title = {{Engineering highly accessed Web sites for performance}},
url = {http://www.springerlink.com/index/5UKMR8DT8BYX6FQG.pdf},
year = {2001}
}
@article{Challenger2004,
author = {Challenger, JR and Dantzig, Paul},
file = {:home/lee/DICE/thesiswriting/notes/p233-challenger.pdf:pdf},
journal = {Networking, IEEE/ \ldots},
number = {2},
pages = {233--246},
title = {{Efficiently serving dynamic data at highly accessed web sites}},
url = {http://ieeexplore.ieee.org/xpls/abs\_all.jsp?arnumber=1288129},
volume = {12},
year = {2004}
}
@article{Degenaro2000,
author = {Degenaro, Louis and Iyengar, Arun and Lipkind, Ilya and Rouvellou, Isabelle},
file = {:home/lee/DICE/thesiswriting/notes/abr\_mw2000.pdf:pdf},
journal = {Middleware 2000},
pages = {24--44},
title = {{A middleware system which intelligently caches query results}},
url = {http://www.springerlink.com/index/f3ffc5xw64v30neq.pdf},
year = {2000}
}
