@article{Chun2011,
author = {Chun, BG and Ihm, S and Maniatis, P},
file = {:home/lee/DICE/thesiswriting/notes/clonecloud.pdf:pdf},
isbn = {9781450306348},
journal = {Proceedings of the sixth \ldots},
keywords = {ing,migration,mobile cloud computing,offload-,partitioning,smartphones},
title = {{Clonecloud: Elastic execution between mobile device and cloud}},
url = {http://dl.acm.org/citation.cfm?id=1966473},
year = {2011}
}
@article{Chun2010,
address = {New York, New York, USA},
author = {Chun, Byung-Gon and Maniatis, Petros},
doi = {10.1145/1810931.1810938},
file = {:home/lee/DICE/thesiswriting/notes/dynpartitioning.pdf:pdf},
isbn = {9781450301558},
journal = {Proceedings of the 1st ACM Workshop on Mobile Cloud Computing \& Services Social Networks and Beyond - MCS '10},
pages = {1--5},
publisher = {ACM Press},
title = {{Dynamically partitioning applications between weak devices and clouds}},
url = {http://portal.acm.org/citation.cfm?doid=1810931.1810938},
year = {2010}
}
@article{Hajjat2010,
author = {Hajjat, Mohammad and Sun, Xin and Sung, YWE and Maltz, David},
file = {:home/lee/DICE/thesiswriting/notes/hajjat\_cloudnetworking.pdf:pdf},
isbn = {9781450302012},
journal = {ACM SIGCOMM \ldots},
keywords = {cloud computing,enterprise applications,network configurations,performance modeling,security policies},
pages = {243--254},
title = {{Cloudward bound: planning for beneficial migration of enterprise applications to the cloud}},
url = {http://dl.acm.org/citation.cfm?id=1851212},
year = {2010}
}
@article{Kaviani2011,
author = {Kaviani, Nima},
file = {:home/lee/DICE/thesiswriting/notes/proposal-nimakaviani.pdf:pdf},
pages = {1--51},
title = {{Partitioning , Provisioning , and Distribution of Software Systems in a Hybrid Cloud Environment}},
year = {2011}
}
@article{Nahrstedt2003,
author = {Nahrstedt, K. and Messer, A. and Greenberg, I. and Milojicic, D.},
doi = {10.1109/PERCOM.2003.1192732},
file = {:home/lee/DICE/thesiswriting/notes/adaptiveoffloading.pdf:pdf},
isbn = {0-7695-1893-1},
journal = {Proceedings of the First IEEE International Conference on Pervasive Computing and Communications, 2003. (PerCom 2003).},
pages = {107--114},
publisher = {IEEE Comput. Soc},
title = {{Adaptive offloading inference for delivering applications in pervasive computing environments}},
url = {http://ieeexplore.ieee.org/lpdocs/epic03/wrapper.htm?arnumber=1192732},
year = {2003}
}
@article{Ou2007,
author = {Ou, Shumao and Yang, Kun and Zhang, Jie},
doi = {10.1016/j.pmcj.2007.04.004},
file = {:home/lee/DICE/thesiswriting/notes/Elsevier-PMC-Ou.pdf:pdf},
issn = {15741192},
journal = {Pervasive and Mobile Computing},
keywords = {middleware,mobile devices,offloading,partitioning,pervasive services,resource constraint},
month = aug,
number = {4},
pages = {362--385},
title = {{An effective offloading middleware for pervasive services on mobile devices}},
url = {http://linkinghub.elsevier.com/retrieve/pii/S1574119207000338},
volume = {3},
year = {2007}
}
