@article{Arkles2011,
author = {Arkles, AJ and Makaroff, DJ},
file = {:home/lee/DICE/thesiswriting/notes/arkles\_mtwave.pdf:pdf},
isbn = {9781450305198},
journal = {Proceeding of the second joint WOSP/SIPEW \ldots},
keywords = {performance tracing,visualization,web applications},
pages = {247--258},
title = {{Mt-wave: profiling multi-tier web applications}},
url = {http://dl.acm.org/citation.cfm?id=1958783},
year = {2011}
}
@article{Caracas2008,
author = {Caracas, Alexandru and Kind, Andreas and Gantenbein, Dieter and Fussenegger, Stefan and Dechouniotis, Dimitrios},
doi = {10.1109/BDIM.2008.4540082},
file = {:home/lee/DICE/thesiswriting/notes/caracas\_netflow.pdf:pdf},
isbn = {978-1-4244-2191-6},
journal = {2008 3rd IEEE/IFIP International Workshop on Business-driven IT Management},
month = apr,
pages = {110--111},
publisher = {Ieee},
title = {{Mining semantic relations using NetFlow}},
url = {http://ieeexplore.ieee.org/lpdocs/epic03/wrapper.htm?arnumber=4540082},
year = {2008}
}
@article{Chen2004,
author = {Chen, MY and Accardi, Anthony},
file = {:home/lee/DICE/thesiswriting/notes/pathbasedfailure.pdf:pdf},
journal = {Proceedings of the \ldots},
title = {{Path-based failure and evolution management}},
url = {http://radlab.cs.berkeley.edu/people/fox/static/pubs/pdf/c23.pdf},
year = {2004}
}
@article{Hoffman2009,
author = {Hoffman, Kevin J. and Eugster, Patrick and Jagannathan, Suresh},
doi = {10.1145/1543135.1542527},
file = {:home/lee/DICE/thesiswriting/notes/pldi09.pdf:pdf},
isbn = {9781605583921},
issn = {03621340},
journal = {ACM SIGPLAN Notices},
month = may,
number = {6},
pages = {453},
title = {{Semantics-aware trace analysis}},
url = {http://portal.acm.org/citation.cfm?doid=1543135.1542527},
volume = {44},
year = {2009}
}
@article{Mirgorodskiy2008,
author = {Mirgorodskiy, A and Miller, B},
file = {:home/lee/DICE/thesiswriting/notes/mirg\_selfpropelled.pdf:pdf},
journal = {Middleware 2008},
keywords = {anomaly detection,distributed debugging,dynamic in-,performance analysis,strumentation,trace analysis},
pages = {82--103},
title = {{Diagnosing distributed systems with self-propelled instrumentation}},
url = {http://www.springerlink.com/index/L18L6365278271Q2.pdf},
year = {2008}
}
@article{Thereska2006,
author = {Thereska, Eno and Salmon, Brandon and Strunk, John},
file = {:home/lee/DICE/thesiswriting/notes/distributedstorageactivitytracking:},
isbn = {1595933204},
journal = {ACM SIGMETRICS \ldots},
keywords = {end-to-end tracing,request causal chain,ursa minor},
title = {{Stardust: tracking activity in a distributed storage system}},
url = {http://dl.acm.org/citation.cfm?id=1140280},
year = {2006}
}
