@article{Hudgins2012,
annote = {Important
        
early data tracking effort to check lifetime of sensitive data,
        
hardware level, full system tracing
        
still a security analysis},
author = {Hudgins, Thomas H and Alleva, Joseph T},
doi = {10.1016/j.disamonth.2012.07.001},
file = {:home/lee/DICE/thesiswriting/notes/taintbochs.pdf:pdf},
issn = {1557-8194},
journal = {Disease-a-month : DM},
month = sep,
number = {9},
pages = {476},
pmid = {22898375},
title = {{TaintBochs}},
url = {http://www.ncbi.nlm.nih.gov/pubmed/22899939},
volume = {58},
year = {2004}
}
