%%
%% This is file `sample.bib',
%% generated with the docstrip utility.
%%
%% The original source files were:
%%
%% ubcthesis.dtx  (with options: `samplebib')
%% 
%% This file was generated from the ubcthesis package.
%% --------------------------------------------------------------
%% 
%% Copyright (C) 2001
%% Michael McNeil Forbes
%% mforbes AT alum.mit.edu
%% 
%% (Note that the AT symbol cannot be used in a comment in a bibtex file,
%% hence the lack of a proper email address above.)
%% 
%% This file may be distributed and/or modified under the
%% conditions of the LaTeX Project Public License, either version 1.2
%% of this license or (at your option) any later version.
%% The latest version of this license is in
%%    http://www.latex-project.org/lppl.txt
%% and version 1.2 or later is part of all distributions of LaTeX
%% version 1999/12/01 or later.
%% 
%% This program is distributed in the hope that it will be useful,
%% but WITHOUT ANY WARRANTY; without even the implied warranty of
%% MERCHANTABILITY or FITNESS FOR A PARTICULAR PURPOSE.  See the
%% LaTeX Project Public License for more details.
%% 
%% This program consists of the files ubcthesis.dtx, ubcthesis.ins, and
%% the sample figures fig.eps and fig.fig.
%% 
%% This file may be modified and used as a base for your thesis without
%% including the licence agreement as long as the content (i.e. textual
%% body) of the file is completely rewritten. You must, however, change
%% the name of the file.
%% 
%% This file may only be distributed together with a copy of this
%% program. You may, however, distribute this program without generated
%% files such as this one.
%% 

\ProvidesFile{sample.bib}[2012/04/07 v1.70 ^^J
University of British Columbia Sample Thesis]
%% These are just some examples of articles and books.  Some of the fields
%% are not needed, for example the abstract and SLACcitation fields.  There
%% are many other types of documents.  The entry CL:2000 poses a problem
%% in the URL field.  I am not sure how to get around this right now.

% Actual citations

@inproceedings{Kiciman2010,
 author = {Kiciman, Emre and Livshits, Benjamin and Musuvathi, Madanlal and Webb, Kevin C.},
 title = {Fluxo: a system for internet service programming by non-expert developers},
 booktitle = {Proceedings of the 1st ACM symposium on Cloud computing},
 series = {SoCC '10},
 year = {2010},
 isbn = {978-1-4503-0036-0},
 location = {Indianapolis, Indiana, USA},
 pages = {107--118},
 numpages = {12},
 url = {http://doi.acm.org/10.1145/1807128.1807147},
 doi = {10.1145/1807128.1807147},
 acmid = {1807147},
 publisher = {ACM},
 address = {New York, NY, USA},
 keywords = {compiler optimizations, languages for datacenter programming},
}

@inproceedings{Kiczales1997,
  author    = {Gregor Kiczales and
               John Lamping and
               Anurag Mendhekar and
               Chris Maeda and
               Cristina Videira Lopes and
               Jean-Marc Loingtier and
               John Irwin},
  title     = {Aspect-Oriented Programming},
  booktitle = {ECOOP},
  year      = {1997},
  pages     = {220-242},
  ee        = {http://dx.doi.org/10.1007/BFb0053381},
  bibsource = {DBLP, http://dblp.uni-trier.de}
} 

@inproceedings{{Rasmussen2009,
 author = {Rasmussen, Alexander and Kiciman, Emre and Livshits, Benjamin and Musuvathi, Madanlal},
 title = {Improving the responsiveness of internet services with automatic cache placement},
 booktitle = {Proceedings of the 4th ACM European conference on Computer systems},
 series = {EuroSys '09},
 year = {2009},
 isbn = {978-1-60558-482-9},
 location = {Nuremberg, Germany},
 pages = {27--32},
 numpages = {6},
 url = {http://doi.acm.org/10.1145/1519065.1519069},
 doi = {10.1145/1519065.1519069},
 acmid = {1519069},
 publisher = {ACM},
 address = {New York, NY, USA},
 keywords = {caching, cloud computing, dataflow model, internet services, optimization, simulation},
} 

@inproceedings{Challenger1999,
author={Challenger, J. and Iyengar, A. and Dantzig, P.}, 
booktitle={INFOCOM '99. Eighteenth Annual Joint Conference of the IEEE Computer and Communications Societies. Proceedings. IEEE}, title={A scalable system for consistently caching dynamic Web data}, 
year={1999}, 
month={mar}, 
volume={1}, 
number={}, 
pages={294 -303 vol.1}, 
keywords={Central Processing Unit;Content management;Databases;File servers;Web pages;Web server;cache storage;entertainment;graph theory;information resources;search engines;sport;1998 Olympic Winter Games;Web servers;Web site;cache hit rates;cached objects;data dependence information;data update propagation;dynamic Web data caching;graph traversal algorithms;scalable system;}, 
doi={10.1109/INFCOM.1999.749295}, 
ISSN={0743-166X},}

@article{Challenger2005,
 author = {Challenger, Jim and Dantzig, Paul and Iyengar, Arun and Witting, Karen},
 title = {A fragment-based approach for efficiently creating dynamic web content},
 journal = {ACM Trans. Internet Technol.},
 issue_date = {May 2005},
 volume = {5},
 number = {2},
 month = may,
 year = {2005},
 issn = {1533-5399},
 pages = {359--389},
 numpages = {31},
 url = {http://doi.acm.org/10.1145/1064340.1064343},
 doi = {10.1145/1064340.1064343},
 acmid = {1064343},
 publisher = {ACM},
 address = {New York, NY, USA},
 keywords = {Caching, Web, Web performance, dynamic content, fragments, publishing},
} 

@inproceedings{Challenger2001,
 author = {Challenger, Jim and Iyengar, Arun and Dantzig, Paul and Dias, Daniel M. and Mills, Nathaniel},
 title = {Engineering Highly Accessed Web Sites for Performance},
 booktitle = {Web Engineering, Software Engineering and Web Application Development},
 year = {2001},
 isbn = {3-540-42130-0},
 pages = {247--265},
 numpages = {19},
 url = {http://dl.acm.org/citation.cfm?id=647063.714733},
 acmid = {714733},
 publisher = {Springer-Verlag},
 address = {London, UK, UK},
} 

@article{Challenger2004,
 author = {Challenger, James R. and Dantzig, Paul and Iyengar, Arun and Squillante, Mark S. and Zhang, Li},
 title = {Efficiently serving dynamic data at highly accessed web sites},
 journal = {IEEE/ACM Trans. Netw.},
 issue_date = {April 2004},
 volume = {12},
 number = {2},
 month = apr,
 year = {2004},
 issn = {1063-6692},
 pages = {233--246},
 numpages = {14},
 url = {http://dx.doi.org/10.1109/TNET.2004.826289},
 doi = {10.1109/TNET.2004.826289},
 acmid = {987235},
 publisher = {IEEE Press},
 address = {Piscataway, NJ, USA},
 keywords = {caching, dynamic content, performance analysis, prefetching, stochastic models, web sites},
} 

@inproceedings{Degenaro2000,
 author = {Degenaro, Louis and Iyengar, Arun and Lipkind, Ilya and Rouvellou, Isabelle},
 title = {A middleware system which intelligently caches query results},
 booktitle = {IFIP/ACM International Conference on Distributed systems platforms},
 series = {Middleware '00},
 year = {2000},
 isbn = {3-540-67352-0},
 location = {New York, New York, USA},
 pages = {24--44},
 numpages = {21},
 url = {http://dl.acm.org/citation.cfm?id=338283.338285},
 acmid = {338285},
 publisher = {Springer-Verlag New York, Inc.},
 address = {Secaucus, NJ, USA},
} 

@inproceedings{Chun2011,
 author = {Chun, Byung-Gon and Ihm, Sunghwan and Maniatis, Petros and Naik, Mayur and Patti, Ashwin},
 title = {CloneCloud: elastic execution between mobile device and cloud},
 booktitle = {Proceedings of the sixth conference on Computer systems},
 series = {EuroSys '11},
 year = {2011},
 isbn = {978-1-4503-0634-8},
 location = {Salzburg, Austria},
 pages = {301--314},
 numpages = {14},
 url = {http://doi.acm.org/10.1145/1966445.1966473},
 doi = {10.1145/1966445.1966473},
 acmid = {1966473},
 publisher = {ACM},
 address = {New York, NY, USA},
 keywords = {migration, mobile cloud computing, offloading, partitioning, smartphones},
} 

@inproceedings{Chun2010,
 author = {Chun, Byung-Gon and Maniatis, Petros},
 title = {Dynamically partitioning applications between weak devices and clouds},
 booktitle = {Proceedings of the 1st ACM Workshop on Mobile Cloud Computing \&\#38; Services: Social Networks and Beyond},
 series = {MCS '10},
 year = {2010},
 isbn = {978-1-4503-0155-8},
 location = {San Francisco, California},
 pages = {7:1--7:5},
 articleno = {7},
 numpages = {5},
 url = {http://doi.acm.org/10.1145/1810931.1810938},
 doi = {10.1145/1810931.1810938},
 acmid = {1810938},
 publisher = {ACM},
 address = {New York, NY, USA},
} 

@article{Hajjat2010,
 author = {Hajjat, Mohammad and Sun, Xin and Sung, Yu-Wei Eric and Maltz, David and Rao, Sanjay and Sripanidkulchai, Kunwadee and Tawarmalani, Mohit},
 title = {Cloudward bound: planning for beneficial migration of enterprise applications to the cloud},
 journal = {SIGCOMM Comput. Commun. Rev.},
 issue_date = {October 2010},
 volume = {40},
 number = {4},
 month = aug,
 year = {2010},
 issn = {0146-4833},
 pages = {243--254},
 numpages = {12},
 url = {http://doi.acm.org/10.1145/1851275.1851212},
 doi = {10.1145/1851275.1851212},
 acmid = {1851212},
 publisher = {ACM},
 address = {New York, NY, USA},
 keywords = {cloud computing, enterprise applications, network configurations, performance modeling, security policies},
} 

@inproceedings{Nahrstedt2003,
 author = {Gu, Xiaohui and Nahrstedt, Klara and Messer, Alan and Greenberg, Ira and Milojicic, Dejan},
 title = {Adaptive Offloading Inference for Delivering Applications in Pervasive Computing Environments},
 booktitle = {Proceedings of the First IEEE International Conference on Pervasive Computing and Communications},
 series = {PERCOM '03},
 year = {2003},
 isbn = {0-7695-1893-1},
 pages = {107--},
 url = {http://dl.acm.org/citation.cfm?id=826025.826367},
 acmid = {826367},
 publisher = {IEEE Computer Society},
 address = {Washington, DC, USA},
} 

@article{Ou2007,
 author = {Ou, Shumao and Yang, Kun and Zhang, Jie},
 title = {An effective offloading middleware for pervasive services on mobile devices},
 journal = {Pervasive Mob. Comput.},
 issue_date = {August, 2007},
 volume = {3},
 number = {4},
 month = aug,
 year = {2007},
 issn = {1574-1192},
 pages = {362--385},
 numpages = {24},
 url = {http://dx.doi.org/10.1016/j.pmcj.2007.04.004},
 doi = {10.1016/j.pmcj.2007.04.004},
 acmid = {1268099},
 publisher = {Elsevier Science Publishers B. V.},
 address = {Amsterdam, The Netherlands, The Netherlands},
 keywords = {Middleware, Mobile devices, Offloading, Partitioning, Pervasive services, Resource constraint},
} 

@inproceedings{Caracas2008,
  author    = {Alexandru Caracas and
               Andreas Kind and
               Dieter Gantenbein and
               Stefan Fussenegger and
               Dimitrios Dechouniotis},
  title     = {Mining semantic relations using NetFlow},
  booktitle = {BDIM},
  year      = {2008},
  pages     = {110-111},
  ee        = {http://dx.doi.org/10.1109/BDIM.2008.4540082},
  crossref  = {DBLP:conf/bdim/2008},
  bibsource = {DBLP, http://dblp.uni-trier.de}
}

@article{Suh2004,
 author = {Suh, G. Edward and Lee, Jae W. and Zhang, David and Devadas, Srinivas},
 title = {Secure program execution via dynamic information flow tracking},
 journal = {SIGPLAN Not.},
 issue_date = {November 2004},
 volume = {39},
 number = {11},
 month = oct,
 year = {2004},
 issn = {0362-1340},
 pages = {85--96},
 numpages = {12},
 url = {http://doi.acm.org/10.1145/1037187.1024404},
 doi = {10.1145/1037187.1024404},
 acmid = {1024404},
 publisher = {ACM},
 address = {New York, NY, USA},
 keywords = {buffer overflow, format string, hardware tagging},
} 

@inproceedings{Newsome2005,
  author    = {James Newsome and
               Dawn Xiaodong Song},
  title     = {Dynamic Taint Analysis for Automatic Detection, Analysis,
               and SignatureGeneration of Exploits on Commodity Software},
  booktitle = {NDSS},
  year      = {2005},
  ee        = {http://www.isoc.org/isoc/conferences/ndss/05/proceedings/papers/taintcheck.pdf},
  crossref  = {DBLP:conf/ndss/2005},
  bibsource = {DBLP, http://dblp.uni-trier.de}
}

@inproceedings{Haldar2005,
 author = {Haldar, Vivek and Chandra, Deepak and Franz, Michael},
 title = {Dynamic Taint Propagation for Java},
 booktitle = {Proceedings of the 21st Annual Computer Security Applications Conference},
 series = {ACSAC '05},
 year = {2005},
 isbn = {0-7695-2461-3},
 pages = {303--311},
 numpages = {9},
 url = {http://dx.doi.org/10.1109/CSAC.2005.21},
 doi = {10.1109/CSAC.2005.21},
 acmid = {1106833},
 publisher = {IEEE Computer Society},
 address = {Washington, DC, USA},
} 

@article{Dalton2007,
 author = {Dalton, Michael and Kannan, Hari and Kozyrakis, Christos},
 title = {Raksha: a flexible information flow architecture for software security},
 journal = {SIGARCH Comput. Archit. News},
 issue_date = {May 2007},
 volume = {35},
 number = {2},
 month = jun,
 year = {2007},
 issn = {0163-5964},
 pages = {482--493},
 numpages = {12},
 url = {http://doi.acm.org/10.1145/1273440.1250722},
 doi = {10.1145/1273440.1250722},
 acmid = {1250722},
 publisher = {ACM},
 address = {New York, NY, USA},
 keywords = {dynamic, semantic vulnerabilities, software security},
}

@inproceedings{Gupta2008,
  author    = {Rajiv Gupta and
               Neelam Gupta and
               Xiangyu Zhang and
               Dennis Jeffrey and
               Vijay Nagarajan and
               Sriraman Tallam and
               Chen Tian},
  title     = {Scalable dynamic information flow tracking and its applications},
  booktitle = {IPDPS},
  year      = {2008},
  pages     = {1-5},
  ee        = {http://dx.doi.org/10.1109/IPDPS.2008.4536382},
  crossref  = {DBLP:conf/ipps/2008},
  bibsource = {DBLP, http://dblp.uni-trier.de}
}

@article{Mysore2008,
 author = {Mysore, Shashidhar and Mazloom, Bita and Agrawal, Banit and Sherwood, Timothy},
 title = {Understanding and visualizing full systems with data flow tomography},
 journal = {SIGARCH Comput. Archit. News},
 issue_date = {March 2008},
 volume = {36},
 number = {1},
 month = mar,
 year = {2008},
 issn = {0163-5964},
 pages = {211--221},
 numpages = {11},
 url = {http://doi.acm.org/10.1145/1353534.1346308},
 doi = {10.1145/1353534.1346308},
 acmid = {1346308},
 publisher = {ACM},
 address = {New York, NY, USA},
 keywords = {data flow tracking, tomography, virtual machine},
} 

@inproceedings{Chin2009,
 author = {Chin, Erika and Wagner, David},
 title = {Efficient character-level taint tracking for Java},
 booktitle = {Proceedings of the 2009 ACM workshop on Secure web services},
 series = {SWS '09},
 year = {2009},
 isbn = {978-1-60558-789-9},
 location = {Chicago, Illinois, USA},
 pages = {3--12},
 numpages = {10},
 url = {http://doi.acm.org/10.1145/1655121.1655125},
 doi = {10.1145/1655121.1655125},
 acmid = {1655125},
 publisher = {ACM},
 address = {New York, NY, USA},
 keywords = {dynamic taint tracking, information flow, java, web applications},
} 

@article{Dalton2010,
 author = {Dalton, Michael and Kannan, Hari and Kozyrakis, Christos},
 title = {Tainting is not pointless},
 journal = {SIGOPS Oper. Syst. Rev.},
 issue_date = {April 2010},
 volume = {44},
 number = {2},
 month = apr,
 year = {2010},
 issn = {0163-5980},
 pages = {88--92},
 numpages = {5},
 url = {http://doi.acm.org/10.1145/1773912.1773933},
 doi = {10.1145/1773912.1773933},
 acmid = {1773933},
 publisher = {ACM},
 address = {New York, NY, USA},
 keywords = {buffer overflow, dynamic information flow tracking, malware detection, memory corruption, pointer tainting, software security, virus detection},
} 

@inproceedings{Al-Saleh2010a,
 author = {Al-Saleh, Mohammed I. and Crandall, Jedidiah R.},
 title = {On information flow for intrusion detection: what if accurate full-system dynamic information flow tracking was possible?},
 booktitle = {Proceedings of the 2010 workshop on New security paradigms},
 series = {NSPW '10},
 year = {2010},
 isbn = {978-1-4503-0415-3},
 location = {Concord, Massachusetts, USA},
 pages = {17--32},
 numpages = {16},
 url = {http://doi.acm.org/10.1145/1900546.1900551},
 doi = {10.1145/1900546.1900551},
 acmid = {1900551},
 publisher = {ACM},
 address = {New York, NY, USA},
 keywords = {dynamic information flow tracking, intrusion detection, quantitative information flow},
} 

@inproceedings{Zavou2011,
 author = {Zavou, Angeliki and Portokalidis, Georgios and Keromytis, Angelos D.},
 title = {Taint-exchange: a generic system for cross-process and cross-host taint tracking},
 booktitle = {Proceedings of the 6th International conference on Advances in information and computer security},
 series = {IWSEC'11},
 year = {2011},
 isbn = {978-3-642-25140-5},
 location = {Tokyo, Japan},
 pages = {113--128},
 numpages = {16},
 url = {http://dl.acm.org/citation.cfm?id=2075658.2075670},
 acmid = {2075670},
 publisher = {Springer-Verlag},
 address = {Berlin, Heidelberg},
} 

@article{Kangkook2012,
 author = {Kemerlis, Vasileios P. and Portokalidis, Georgios and Jee, Kangkook and Keromytis, Angelos D.},
 title = {libdft: practical dynamic data flow tracking for commodity systems},
 journal = {SIGPLAN Not.},
 issue_date = {July 2012},
 volume = {47},
 number = {7},
 month = mar,
 year = {2012},
 issn = {0362-1340},
 pages = {121--132},
 numpages = {12},
 url = {http://doi.acm.org/10.1145/2365864.2151042},
 doi = {10.1145/2365864.2151042},
 acmid = {2151042},
 publisher = {ACM},
 address = {New York, NY, USA},
 keywords = {data flow tracking, dynamic binary instrumentation, exploit prevention, information leak detection, taint analysis},
} 

@article{Lefebvre2012,
 author = {Lefebvre, Geoffrey and Cully, Brendan and Head, Christopher and Spear, Mark and Hutchinson, Norm and Feeley, Mike and Warfield, Andrew},
 title = {Execution mining},
 journal = {SIGPLAN Not.},
 issue_date = {July 2012},
 volume = {47},
 number = {7},
 month = mar,
 year = {2012},
 issn = {0362-1340},
 pages = {145--158},
 numpages = {14},
 url = {http://doi.acm.org/10.1145/2365864.2151044},
 doi = {10.1145/2365864.2151044},
 acmid = {2151044},
 publisher = {ACM},
 address = {New York, NY, USA},
 keywords = {binary analysis, offline analysis, semantic gap, virtual machine},
} 

\endinput
%%
%% End of file `sample.bib'.
